<record><leader>00000cas a2200000 a 4500</leader><controlfield tag="001">14508537</controlfield><controlfield tag="008">861023d18641866cauwr ne      0    0eng c</controlfield><datafield ind1=" " ind2=" " tag="010"><subfield code="a">sn 86076422 </subfield></datafield><datafield ind1=" " ind2=" " tag="040"><subfield code="a">NNX</subfield><subfield code="b">eng</subfield><subfield code="c">NNX</subfield><subfield code="d">CNK</subfield><subfield code="d">OCL</subfield><subfield code="d">CNK</subfield><subfield code="d">OCLCQ</subfield><subfield code="d">OCLCF</subfield><subfield code="d">OCLCO</subfield></datafield><datafield ind1="1" ind2=" " tag="029"><subfield code="a">AU@</subfield><subfield code="b">000020236438</subfield></datafield><datafield ind1=" " ind2=" " tag="042"><subfield code="a">pcc</subfield></datafield><datafield ind1=" " ind2=" " tag="043"><subfield code="a">n-us-ca</subfield></datafield><datafield ind1="0" ind2="4" tag="245"><subfield code="a">The Weekly union record.</subfield></datafield><datafield ind1=" " ind2=" " tag="260"><subfield code="a">Oroville, Calif. :</subfield><subfield code="b">Smith &amp; Woodman,</subfield><subfield code="c">1864-1866.</subfield></datafield><datafield ind1=" " ind2=" " tag="300"><subfield code="a">3 v.</subfield></datafield><datafield ind1=" " ind2=" " tag="310"><subfield code="a">Weekly</subfield></datafield><datafield ind1="0" ind2=" " tag="362"><subfield code="a">Vol. 11, no. 12 (Jan. 23, 1864)-v. 13, no. 20 (Mar. 17, 1866).</subfield></datafield><datafield ind1=" " ind2=" " tag="530"><subfield code="a">Master negatives are available for duplication from:</subfield><subfield code="b">California Newspaper Microfilm Archive;</subfield><subfield code="c">positive copies may be purchased by the reel; for further information consult the CNMA at:</subfield><subfield code="u">http://cbsr.ucr.edu</subfield></datafield><datafield ind1=" " ind2="0" tag="651"><subfield code="a">Butte County (Calif.)</subfield><subfield code="v">Newspapers.</subfield></datafield><datafield ind1=" " ind2="7" tag="655"><subfield code="a">Newspapers.</subfield><subfield code="2">fast</subfield><subfield code="0">(OCoLC)fst01423814</subfield></datafield><datafield ind1=" " ind2="7" tag="651"><subfield code="a">California</subfield><subfield code="z">Butte County.</subfield><subfield code="2">fast</subfield><subfield code="0">(OCoLC)fst01215262</subfield></datafield><datafield ind1=" " ind2=" " tag="752"><subfield code="a">United States</subfield><subfield code="b">California</subfield><subfield code="c">Butte</subfield><subfield code="d">Oroville.</subfield></datafield><datafield ind1="0" ind2="4" tag="780"><subfield code="t">Oroville weekly union</subfield><subfield code="w">(DLC)sn 93052999</subfield></datafield><datafield ind1="0" ind2="4" tag="780"><subfield code="t">Weekly Butte record (Oroville, Calif. : 1858)</subfield><subfield code="w">(DLC)sn 86058108</subfield><subfield code="w">(OCoLC)14200917</subfield></datafield><datafield ind1="0" ind2="0" tag="785"><subfield code="t">Weekly Butte record (Oroville, Calif. : 1866)</subfield><subfield code="w">(DLC)sn 84038763</subfield><subfield code="w">(OCoLC)11491674</subfield></datafield></record>